{
  "leader": "02276cam a22004331i 4500",
  "fields": [
    {
      "001": "ocm38252971\\"
    },
    {
      "003": "OCoLC"
    },
    {
      "005": "20211011111018.0"
    },
    {
      "008": "810920s1954\\\\\\\\mau\\\\\\\\\\\\\\\\\\\\\\000\\0\\eng\\\\"
    },
    {
      "007": "t\\"
    },
    {
      "010": {
        "ind1": "\\",
        "ind2": "\\",
        "subfields": [
          {
            "a": "   54008193 "
          }
        ]
      }
    },
    {
      "040": {
        "ind1": "\\",
        "ind2": "\\",
        "subfields": [
          {
            "a": "NLM"
          },
          {
            "b": "eng"
          },
          {
            "e": "rda"
          },
          {
            "c": "NLM"
          },
          {
            "d": "FQG"
          },
          {
            "d": "TMC"
          },
          {
            "d": "CGC"
          },
          {
            "d": "STF"
          },
          {
            "d": "EYM"
          },
          {
            "d": "ZWZ"
          },
          {
            "d": "DEBBG"
          },
          {
            "d": "OCLCF"
          },
          {
            "d": "TMC"
          },
          {
            "d": "OCLCO"
          },
          {
            "d": "OCLCA"
          },
          {
            "d": "UZ0"
          },
          {
            "d": "OCLCA"
          },
          {
            "d": "NLM"
          },
          {
            "d": "OCLCO"
          },
          {
            "d": "DCHUA"
          },
          {
            "d": "OCLCO"
          },
          {
            "d": "CSA"
          },
          {
            "d": "OCLCO"
          },
          {
            "d": "UKMGB"
          },
          {
            "d": "OCLCA"
          },
          {
            "d": "ERL"
          }
        ]
      }
    },
    {
      "016": {
        "ind1": "7",
        "ind2": "\\",
        "subfields": [
          {
            "a": "44030240R"
          },
          {
            "2": "DNLM"
          }
        ]
      }
    },
    {
      "016": {
        "ind1": "7",
        "ind2": "\\",
        "subfields": [
          {
            "a": "002633318"
          },
          {
            "2": "Uk"
          }
        ]
      }
    },
    {
      "019": {
        "ind1": "\\",
        "ind2": "\\",
        "subfields": [
          {
            "a": "1626196"
          },
          {
            "a": "9893044"
          },
          {
            "a": "155834959"
          },
          {
            "a": "221108255"
          },
          {
            "a": "946499560"
          },
          {
            "a": "1079235883"
          },
          {
            "a": "1184525234"
          },
          {
            "a": "1201017999"
          }
        ]
      }
    },
    {
      "035": {
        "ind1": "\\",
        "ind2": "\\",
        "subfields": [
          {
            "a": "(OCoLC)38252971"
          },
          {
            "z": "(OCoLC)1626196"
          },
          {
            "z": "(OCoLC)9893044"
          },
          {
            "z": "(OCoLC)155834959"
          },
          {
            "z": "(OCoLC)221108255"
          },
          {
            "z": "(OCoLC)946499560"
          },
          {
            "z": "(OCoLC)1079235883"
          },
          {
            "z": "(OCoLC)1184525234"
          },
          {
            "z": "(OCoLC)1201017999"
          }
        ]
      }
    },
    {
      "050": {
        "ind1": "\\",
        "ind2": "0",
        "subfields": [
          {
            "a": "RC514"
          },
          {
            "b": ".T8"
          }
        ]
      }
    },
    {
      "060": {
        "ind1": "0",
        "ind2": "0",
        "subfields": [
          {
            "a": "WM 203"
          },
          {
            "b": "T917s 1954"
          }
        ]
      }
    },
    {
      "082": {
        "ind1": "0",
        "ind2": "4",
        "subfields": [
          {
            "a": "616.8982"
          },
          {
            "b": "TUL"
          }
        ]
      }
    },
    {
      "110": {
        "ind1": "2",
        "ind2": "\\",
        "subfields": [
          {
            "a": "Tulane University."
          },
          {
            "b": "School of Medicine."
          },
          {
            "b": "Department of Psychiatry and Neurology."
          }
        ]
      }
    },
    {
      "245": {
        "ind1": "1",
        "ind2": "0",
        "subfields": [
          {
            "a": "Studies in schizophrenia :"
          },
          {
            "b": "a multidisciplinary approach to mind-brain relationships /"
          },
          {
            "c": "reported by Robert G. Heath [and others]."
          }
        ]
      }
    },
    {
      "264": {
        "ind1": "\\",
        "ind2": "1",
        "subfields": [
          {
            "a": "Cambridge, Mass.,"
          },
          {
            "b": "Harvard Univ. Press,"
          },
          {
            "c": "1954."
          }
        ]
      }
    },
    {
      "300": {
        "ind1": "\\",
        "ind2": "\\",
        "subfields": [
          {
            "a": "xiv, 619 pages :"
          },
          {
            "b": "illustrations ;"
          },
          {
            "c": "24 cm"
          }
        ]
      }
    },
    {
      "336": {
        "ind1": "\\",
        "ind2": "\\",
        "subfields": [
          {
            "a": "text"
          },
          {
            "b": "txt"
          },
          {
            "2": "rdacontent"
          }
        ]
      }
    },
    {
      "337": {
        "ind1": "\\",
        "ind2": "\\",
        "subfields": [
          {
            "a": "unmediated"
          },
          {
            "b": "n"
          },
          {
            "2": "rdamedia"
          }
        ]
      }
    },
    {
      "338": {
        "ind1": "\\",
        "ind2": "\\",
        "subfields": [
          {
            "a": "volume"
          },
          {
            "b": "nc"
          },
          {
            "2": "rdacarrier"
          }
        ]
      }
    },
    {
      "340": {
        "ind1": "\\",
        "ind2": "\\",
        "subfields": [
          {
            "m": "8vo."
          },
          {
            "2": "rdabf"
          }
        ]
      }
    },
    {
      "500": {
        "ind1": "\\",
        "ind2": "\\",
        "subfields": [
          {
            "a": "Based on meetings conducted by the Dept. of Psychiatry and Neurology, June 11-13, 1952."
          }
        ]
      }
    },
    {
      "504": {
        "ind1": "\\",
        "ind2": "\\",
        "subfields": [
          {
            "a": "Includes bibliography."
          }
        ]
      }
    },
    {
      "650": {
        "ind1": "\\",
        "ind2": "0",
        "subfields": [
          {
            "a": "Schizophrenia."
          }
        ]
      }
    },
    {
      "650": {
        "ind1": "\\",
        "ind2": "7",
        "subfields": [
          {
            "a": "Schizophrenia."
          },
          {
            "2": "fast"
          },
          {
            "0": "(OCoLC)fst01106752"
          }
        ]
      }
    },
    {
      "650": {
        "ind1": "\\",
        "ind2": "2",
        "subfields": [
          {
            "a": "Schizophrenia."
          },
          {
            "0": "https://id.nlm.nih.gov/mesh/D012559"
          }
        ]
      }
    },
    {
      "655": {
        "ind1": "\\",
        "ind2": "2",
        "subfields": [
          {
            "a": "Collected Work."
          },
          {
            "0": "https://id.nlm.nih.gov/mesh/D020470"
          }
        ]
      }
    },
    {
      "700": {
        "ind1": "1",
        "ind2": "\\",
        "subfields": [
          {
            "a": "Heath, Robert G."
          },
          {
            "q": "(Robert Galbraith),"
          },
          {
            "d": "1915-1999."
          }
        ]
      }
    },
    {
      "776": {
        "ind1": "0",
        "ind2": "8",
        "subfields": [
          {
            "i": "Online version:"
          },
          {
            "a": "Tulane University of Louisiana. School of Medicine. Department of Psychiatry and Neurology."
          },
          {
            "t": "Studies in schizophrenia."
          },
          {
            "d": "Cambridge, Mass., Harvard Univ. Press, 1954"
          },
          {
            "w": "(OCoLC)599374580"
          }
        ]
      }
    },
    {
      "776": {
        "ind1": "0",
        "ind2": "8",
        "subfields": [
          {
            "i": "Online version:"
          },
          {
            "a": "Tulane University of Louisiana. School of Medicine. Department of Psychiatry and Neurology."
          },
          {
            "t": "Studies in schizophrenia."
          },
          {
            "d": "Cambridge, Mass., Harvard Univ. Press, 1954"
          },
          {
            "w": "(OCoLC)629710224"
          }
        ]
      }
    },
    {
      "994": {
        "ind1": "\\",
        "ind2": "\\",
        "subfields": [
          {
            "a": "Z0"
          },
          {
            "b": "NYRVC"
          }
        ]
      }
    },
    {
      "948": {
        "ind1": "\\",
        "ind2": "\\",
        "subfields": [
          {
            "h": "NO HOLDINGS IN NYRVC - 277 OTHER HOLDINGS"
          }
        ]
      }
    },
    {
      "999": {
        "ind1": "\\",
        "ind2": "\\",
        "subfields": [
          {
            "a": "no barcode"
          }
        ]
      }
    }
  ]
}